<?xml version="1.0" encoding="UTF-8"?><collection xmlns="http://www.loc.gov/MARC21/slim"><record><leader>00494nam--2200193-u-4500</leader><controlfield tag="001">000053741</controlfield><controlfield tag="002">20161230</controlfield><controlfield tag="005">20161230201051</controlfield><controlfield tag="008">110602s1000------------r-----000-0-rus-d</controlfield><datafield ind1=" " ind2=" " tag="040"><subfield code="a">IFIN-HH</subfield></datafield><datafield ind1=" " ind2=" " tag="041"><subfield code="a">rus</subfield></datafield><datafield ind1=" " ind2=" " tag="080"><subfield code="a">536.7:531.19</subfield></datafield><datafield ind1="1" ind2=" " tag="100"><subfield code="a">Rumer, Iu.B</subfield></datafield><datafield ind1="1" ind2="0" tag="245"><subfield code="a">Termodinamika statisticeskaia fizika i kinetika</subfield><subfield code="c">Iu.b. rumer; m.sh. rivkin</subfield></datafield><datafield ind1=" " ind2=" " tag="260"><subfield code="a">Moskva</subfield><subfield code="b">Nauka</subfield><subfield code="c">1977</subfield></datafield><datafield ind1=" " ind2=" " tag="300"><subfield code="a">552P</subfield></datafield><datafield ind1="1" ind2=" " tag="700"><subfield code="a">Rivkin, M.Sh</subfield></datafield><datafield ind1=" " ind2=" " tag="852"><subfield code="a">75342</subfield><subfield code="c">536.7</subfield></datafield><datafield ind1=" " ind2=" " tag="CAT"><subfield code="a">Sys</subfield><subfield code="c">20110602</subfield><subfield code="h">120531</subfield></datafield></record></collection>